%%% Peer-reviewed journal articles
@article{Lidtke2021b,
    AUTHOR = {Lidtke, Artur K. and Klapwijk, Maarten and Lloyd, Thomas},
    TITLE = {Scale-Resolving Simulations of a Circular Cylinder Subjected to Low Mach Number Turbulent Inflow},
    JOURNAL = {Journal of Marine Science and Engineering},
    VOLUME = {9},
    YEAR = {2021},
    NUMBER = {11},
    ARTICLE-NUMBER = {1274},
    URL = {https://www.mdpi.com/2077-1312/9/11/1274},
    ISSN = {2077-1312}
}

@article{Katsuno2021,
    title = {Estimating parameter and discretization uncertainties using a laminar–turbulent transition model},
    journal = {Computers {\&} Fluids},
    volume = {230},
    pages = {105129},
    year = {2021},
    issn = {0045-7930},
    doi = {https://doi.org/10.1016/j.compfluid.2021.105129},
    url = {https://www.sciencedirect.com/science/article/pii/S004579302100270X},
    author = {Eduardo Tadashi Katsuno and Artur K. Lidtke and Bülent Düz and Douwe Rijpkema and João L.D. Dantas and Guilherme Vaz},
    keywords = {Parameter uncertainty, Discretization uncertainty, Uncertainty quantification analysis, Sobol indices, Transitional flow, CFD}
}

@article{Lidtke2021a,
    title = {End-to-end efficiency quantification of an autonomous underwater vehicle propulsion system},
    journal = {Ocean Engineering},
    volume = {234},
    pages = {109223},
    year = {2021},
    issn = {0029-8018},
    doi = {https://doi.org/10.1016/j.oceaneng.2021.109223},
    url = {https://www.sciencedirect.com/science/article/pii/S002980182100651X},
    author = {Artur K. Lidtke and Nicholas P. Linton and Hannah L. Wright and Stephen R. Turnock and Jon Downes},
    keywords = {AUV, Hydrodynamics, Propulsion}
}

@article{Lidtke2019,
	title = {Characterizing Influence of Transition to Turbulence on the Propulsive Performance of Underwater Gliders},
	author = {Lidtke, Artur K and Turnock, Stephen R and Downes, Jon},
	journal = {Journal of Ship Research},
	year = {2019},
	pages = {1--8},
	doi = {10.5957/JOSR.09180050},
	publisher={Society of Naval Architects and Marine Engineers (SNAME)},
	volume = {63},
	number = {2}
}

@article{Higgens2020,
	title = {Investigation into the Tip Gap Flow and its Influence on Ducted Propeller Tip Gap Noise Using Acoustic Analogies},
	author = {Higgens, Adam D. and Lidtke, Artur K. and Joseph, Phil F. and Turnock, Stephen R.},
	journal = {Journal of Ship Research},
	year = {2020},
	pages = {250--265},
	doi = {10.5957/JOSR.09180086},
	publisher={Society of Naval Architects and Marine Engineers (SNAME)},
	volume = {64},
	number = {3}
}

@article{GiorgioSerchi2018,
	author = {Giorgio-Serchi, Francesco and Lidtke, Artur K. and Weymouth, Gabriel D.},
	journal = {IEEE/ASME Transactions on Mechatronics},
	title = {A Soft Aquatic Actuator for Unsteady Peak Power Amplification},
	year = {2018},
	volume = {23},
	number = {6},
	pages = {2968--2973},
	doi = {10.1109/TMECH.2018.2873253},
	ISSN = {1083-4435},
	month = {Dec}
}

@article{Lidtke2017,
	author = {Lidtke, Artur K and Turnock, Stephen R and Downes, Jon},
	journal = {Journal of Oceanic Engineering},
	doi = {10.1109/JOE.2017.2733778},
	pages = {356--368},
	title = {{Hydrodynamic Design of Underwater Gliders Using k-k$_L$-$\omega$ RANS Transition Model}},
	year = {2017},
	volume = {43},
	number = {2}
}

@article{Lidtke2016,
	author = {Lidtke, Artur K. and Turnock, Stephen R. and Humphrey, Victor F.},
	doi = {10.1016/j.compfluid.2016.02.014},
	journal = {Computers {\&} Fluids},
	pages = {8--23},
	title = {{Characterisation of sheet cavity noise of a hydrofoil using the Ffowcs Williams-Hawkings acoustic analogy}},
	volume = {130},
	year = {2016}
}

@article{Lidtke2016a,
	author = {Lidtke, Artur K and Humphrey, Victor F and Turnock, Stephen R},
	journal = {Ocean Engineering},
	keywords = {acoustic analogy,cavitation,hydrofoil,marine propeller,noise},
	number = {1 July},
	pages = {152--159},
	title = {{Feasibility study into a computational approach for marine propeller noise and cavitation modelling}},
	volume = {120},
	year = {2016}
}

@article{Giovannetti2014,
	author = {{Marimon Giovannetti}, Laura and Lidtke, Artur K. and Taunton, Dominic J.},
	doi = {10.1016/j.proeng.2014.06.137},
	issn = {18777058},
	journal = {Procedia Engineering},
	keywords = {America's Cup,Dynamic VPP,Real-time Simulation,Sailing Simulator},
	pages = {811--816},
	publisher = {Elsevier B.V.},
	title = {{Investigation of Tacking Strategies Using an America's Cup 45 Catamaran Simulator}},
	url = {http://linkinghub.elsevier.com/retrieve/pii/S1877705814006535},
	volume = {72},
	year = {2014}
}

%%% Peer-reviewed conference articles
@inproceedings{Rijsbergen2020,
	address = {Osaka, Japan, 18-23 October},
	author = {Rijsbergen, Martijn X. and Lidtke, Artur K. and Lajoinie, G and Versluis M.},
	booktitle = {33rd Symposium on Naval Hydrodynamics (SNH)},
	title = {{Sheet Cavitation Inception Mechanisms on a NACA 0015 Hydrofoil}},
	year = {2020}
}

@inproceedings{Lidtke2019a,
	address = {Rome, Italy, 26-30 May},
	author = {Lidtke, Artur K and Lloyd, Thomas P and Vaz, Guilherme},
	booktitle = {Sixth International Symposium on Marine Propulsors (SMP)},
	title = {{Acoustic modelling of a propeller subject to non-uniform inflow}},
	year = {2019}
}

@inproceedings{Higgens2018,
	address = {Hamburg, Germany, 5-10 August},
	author = {Higgens, Adam D. and Lidtke, Artur K. and Joseph, Phil F. and Turnock, Stephen R.},
	booktitle = {32nd Symposium on Naval Hydrodynamics (SNH)},
	title = {{Investigation into the Tip Gap Flow and its Influence on Ducted Propeller Tip Gap Noise Using Acoustic Analogies}},
	year = {2018}
}

@inproceedings{Lidtke2018,
	address = {Hamburg, Germany, 5-10 August},
	author = {Lidtke, Artur K. and Turnock, Stephen R. and Downes, Jon},
	booktitle = {32nd Symposium on Naval Hydrodynamics (SNH)},
	title = {{Characterising Influence of Transition to Turbulence on the Propulsive Performance of Underwater Gliders}},
	year = {2018}
}

@inproceedings{Lidtke2016b,
	address = {Monterey, CA, USA, 11 - 16 Sep},
	author = {Lidtke, Artur K. and Turnock, Stephen R. and Humphrey, Victor F.},
	booktitle = {31st Symposium on Naval Hydrodynamics (SNH)},
	title = {{Multi-Scale Modelling of Cavitation-Induced Pressure Around the Delft Twist 11 Hydrofoil}},
	year = {2016}
}

@inproceedings{Lidtke2015a,
	address = {31 May - 4 June, Austin, Texas, USA},
	author = {Lidtke, Artur K. and Turnock, Stephen R. and Humphrey, Victor F.},
	booktitle = {Fourth International Symposium on Marine Propulsors (SMP)},
	title = {{Use of Acoustic Analogy for Marine Propeller Noise Characterisation}},
	year = {2015}
}

%%% Conference articles and workshop items
@inproceedings{Wielgosz2019,
	address = {29 Sep - 1 October, Tomar, Portugal},
	author = {Wielgosz, Chiara and Golf, Rafael and Lidtke, Artur K. and Vaz, Guilherme and el Moctar, Ould},
	booktitle = {22nd Numerical Towing Tank Symposium (NuTTS)},
	title = {{Numerical and experimental study on the Duisburg Propeller Test Case}},
	year = {2019}
}

@inproceedings{Katsuno2019,
	address = {29 Sep - 1 October, Tomar, Portugal},
	author = {Katsuno, Eduardo T and Lidtke, Artur K. and D{\"u}z, B{\"u}lent and  Rijpkema, Douwe and Vaz, Guilherme and el Moctar, Ould},
	booktitle = {22nd Numerical Towing Tank Symposium (NuTTS)},
	title = {{Parameter Uncertainty Quantification applied to the Duisburg Propeller Test Case}},
	year = {2019}
}

@inproceedings{Wang2019,
	author = {Wang, Tao and Lidtke, Artur K. and Giorgio-Serchi, Francesco and Weymouth, Gabriel D.},
	booktitle = {2019 2nd IEEE International Conference on Soft Robotics (RoboSoft)},
	title = {Manoeuvring of an aquatic soft robot using thrust-vectoring},
	year = {2019},
	pages = {186--191},
	keywords = {Robot kinematics;Turning;Valves;Trajectory;Servomotors;Propulsion},
	doi = {10.1109/ROBOSOFT.2019.8722732},
	month = {14-18 April}
}

@inproceedings{Lidtke2018a,
	title = {A low-cost experimental rig for multi-DOF unsteady thrust measurements of aquatic bioinspired soft robots},
	author = {Lidtke, Artur K. and Giorgio-Serchi, Francesco and Lisle, Matt and Weymouth, Gabriel D.},
	year = {2018},
	booktitle = {IEEE-RAS International Conference on Soft Robotics},
	address = {Livorno, Italy, 24-28 April}
}

@inproceedings{Lidtke2017a,
	address = {1-3 October, Wageningen, Netherlands},
	author = {Lidtke, Artur K. and Turnock, Stephen R. and Downes, Jon},
	booktitle = {20th Numerical Towing Tank Symposium (NuTTS)},
	title = {{Simulating turbulent transition using Large Eddy Simulation with application to underwater vehicle hydrodynamic modelling}},
	year = {2017}
}

@inproceedings{Lidtke2017b,
	address = {19-22 June, Aberdeen, Scotland, UK},
	author = {Lidtke, Artur K. and Lewis, Simon and Harvey, Terry J. and Turnock, Stephen R. and Downes, Jon},
	booktitle = {Oceans '17 MTS/IEEE},
	title = {{An experimental study into the effect of transitional flow on the performance of underwater glider wings}},
	year = {2017}
}

@inproceedings{Lidtke2016d,
	address = {6-9 November, IIS, the University of Tokyo, Tokyo, Japan},
	author = {Lidtke, Artur K. and Turnock, Stephen R. and Downes, Jon},
	booktitle = {Autonomous Underwater Vehicles 2016 (AUV)},
	title = {{Assessment of Underwater Glider Performance Through Viscous Computational Fluid Dynamics}},
	year = {2016}
}

@inproceedings{Lemaire2016,
	address = {3-4 October, St Pierre d'Oleron, France},
	author = {Lemaire, S{\'{e}}bastien and Lidtke, Artur K. and Vaz, Guilherme and Turnock, Stephen R.},
	booktitle = {19th Numerical Towing Tank Symposium (NuTTS)},
	title = {{Modelling Natural Transition on Hydrofoils for Application in Underwater Gliders}},
	year = {2016}
}

@inproceedings{Lidtke2015b,
	address = {December 2-4, NMRI, Tokyo, Japan},
	author = {Lidtke, A. and Lakshmynarayanana, A. and Camilleri, J. and Banks, J. and Phillips, A. and Turnock, S. and Badoe, C.},
	booktitle = {Tokyo 2015 Workshop on CFD in Ship Hydrodynamics},
	title = {{RANS computations of flow around a bulk carrier with energy saving device}},
	year = {2015}
}

@inproceedings{Lloyd2015a,
	address = {28-30 September, Cortona, Italy},
	author = {Lloyd, Thomas P. and Lidtke, Artur K. and Rijpkema, Douwe and {Van Wijngaarden}, Erik and Turnock, Stephen R. and Humphrey, Victor F.},
	booktitle = {18th Numerical Towing Tank Symposium (NuTTS)},
	title = {{Using the FW-H equation for hydroacoustics of propellers}},
	year = {2015}
}

@inproceedings{Badoe2014,
	address = {8-10 December, Lyngby, Denmark},
	author = {Badoe, Charles and Winden, Bjorn and Lidtke, Artur K. and Phillips, Alexander B. and Hudson, Dominic A. and Turnock, Stephen R.},
	booktitle = {SIMMAN Workshop},
	title = {{Comparison of various approaches to numerical simulation of ship resistance and propulsion}},
	year = {2014}
}

@inproceedings{Lidtke2014a,
	address = {6th-7th November, Istanbul, Turkey},
	author = {Lidtke, Artur K. and Turnock, Stephen R. and Humphrey, Victor F.},
	booktitle = {A. Y{\"{u}}cel Odabaşı Colloquium Series},
	keywords = {acoustic analogy,cavitation,large eddy simulation,noise,propeller},
	title = {{Outlook on Marine Propeller Noise and Cavitation Modelling}},
	year = {2014}
}

@inproceedings{Lidtke2014,
	address = {Marstrand, Sweden},
	author = {Lidtke, Artur K. and Turnock, Stephen R. and Humphrey, Victor F.},
	booktitle = {17th Numerical Towing Tank Symposium (NuTTS)},
	title = {{The influence of turbulence modelling techniques on the predicted cavitation behaviour on a NACA0009 foil}},
	year = {2014}
}

@inproceedings{Lidtke2013,
	address = {26 - 28 June, Lorient, France},
	author = {Lidtke, Artur K. and {Marimon Giovannetti}, Laura and Breschan, Lisa. M. and Sampson, A. and Vitti, M. and Taunton, Dominic J.},
	booktitle = {Third International Conference on Innovation in High Performance Sailing Yachts (INNOVSAIL)},
	title = {{Development of an America's Cup 45 Tacking Simulator}},
	year = {2013}
}

%%% Periodical articles
@article{Lidtke2016c,
	author = {Lidtke, Artur K. and Turnock, Stephen R. and Humphrey, Victor F.},
	journal = {The Naval Architect},
	month = {jan},
	title = {{Saving ocean sound scapes}},
	year = {2016}
}

%%% Books and public reports
@phdthesis{Lidtke2017d,
       month = {June},
       title = {Predicting radiated noise of marine propellers using acoustic analogies and hybrid Eulerian-Lagrangian cavitation models},
      school = {University of Southampton},
      author = {Lidtke, Artur K.},
   publisher = {University of Southampton},
        year = {2017},
}

@misc{Lidtke2017c,
	author = {Lidtke, Artur K.},
	title = {{OpenFOAM programming tutorials for beginners}},
	url = {https://github.com/UnnamedMoose/BasicOpenFOAMProgrammingTutorials},
	urldate = {5 January 2018},
	year = {2017}
}

@techreport{Shenoi2015,
	address = {Southampton, UK},
	author = {Shenoi, R. A. and Bowker, J. A. and Dzielendziak, A. S. and Lidtke, A. K. and Zhu, G. and Cheng, F. and Argyos, D. and Fang, I. and Gonzalez, J. and Johnson, S. and Ross, K. and Kennedy, I. and O'Dell, M. and Westgarth, R.},
	institution = {University of Southampton},
	title = {{Global marine technology trends (GMTT) 2030}},
	year = {2015}
}


